%
%  Labor: Bibliographie
%
@BOOK{Buch:Deimel1,
	author = {Franz Deimel und Andreas Hasenzagl},
	title = {{G}rundlagen der {E}lektrotechnik},
	publisher = {Veritas},
	year = {2013}
}

@MISC{Skript:ES1,
  author = {Ewald Bergler},
  title = {Skriptum zum Unterrichtsfach: \textbf{Energiesysteme}},
  publisher = {Abteilung Elektrotechnik/Informationstechnik, HTL~Weiz},
  year = {2021}
}

@book{dewesoft,
	title={Modulares Datenerfassungssystem (DAQ)},
	author={DEWEsoft},
	url={https://dewesoft.com/de/produkte/sirius},
	year={2023},
	publisher={DEWEsoft}
}

@book{unbehauen2013elektrische,
	title={Elektrische Netzwerke: Eine Einf{\"u}hrung in die Analyse},
	author={Unbehauen, R.},
	isbn={9783642966286},
	series={Hochschultext},
	url={https://books.google.at/books?id=0SegBgAAQBAJ},
	year={2013},
	publisher={Springer Berlin Heidelberg}
}




